%% Richard Wen
%% rwen@ryerson.ca
%% IEEETran bibtex style: http://www.michaelshell.org/tex/ieeetran/bibtex/


% *** TRANSACTIONS ***


@STRING{IEEE_J_AFFC       = "{IEEE} Transactions on Affective Computing"}
@STRING{IEEE_J_ASLP       = "{IEEE/ACM} Transactions on Audio, Speech, and Language Processing"} % in 2014 ASL became ASLP
@STRING{IEEE_J_JAS        = "{IEEE/CAA} Journal of Automatica Sinica"}
@STRING{IEEE_J_AMD        = "{IEEE} Transactions on Autonomous Mental Development"}
@STRING{IEEE_J_BD         = "{IEEE} Transactions on Big Data"}
@STRING{IEEE_J_BHI        = "{IEEE} Journal of Biomedical and Health Informatics"}
@STRING{IEEE_J_CC         = "{IEEE} Transactions on Cloud Computing"}
@STRING{IEEE_J_CCN        = "{IEEE} Transactions on Cognitive Communications and Networking"}
@STRING{IEEE_J_CDS        = "{IEEE} Transactions on Cognitive and Developmental Systems"} % in 2015 AMD became CDS
@STRING{IEEE_J_CPMT       = "{IEEE} Transactions on Components, Packaging and Manufacturing Technology"} % in 2011 CAPT became CPMT
@STRING{IEEE_J_CIAIG      = "{IEEE} Transactions on Computational Intelligence and {AI} in Games"}
@STRING{IEEE_J_CSS        = "{IEEE} Transactions on Computational Social Systems"}
@STRING{IEEE_J_CNS        = "{IEEE} Transactions on Control of Network Systems"}
@STRING{IEEE_J_CYB        = "{IEEE} Transactions on Cybernetics"} % in 2013 SMCB became CYB
@STRING{IEEE_J_EDS        = "{IEEE} Journal of Electron Devices Society"}
@STRING{IEEE_J_ES         = "{IEEE} Embedded Systems Letters"}
@STRING{IEEE_J_ETC        = "{IEEE} Transactions on Emerging Topics in Computing"}
@STRING{IEEE_J_ETCAS      = "{IEEE} Transactions on Emerging and Selected Topics in Circuits and Systems"}
@STRING{IEEE_J_ESTPE      = "{IEEE} Transactions on Emerging and Selected Topics in Power Electronics"}
@STRING{IEEE_J_XCDC       = "{IEEE} Journal on Exploratory Solid-State Computational Devices and Circuits"} % in 2013 SMCC became HMS
@STRING{IEEE_J_HMS        = "{IEEE} Transactions on Human-Machine Systems"}
@STRING{IEEE_J_IV         = "{IEEE} Transactions on Intelligent Vehicles"}
@STRING{IEEE_J_IOT        = "{IEEE} Internet of Things Journal"}
@STRING{IEEE_J_LS         = "{IEEE} Life Sciences Letters"}
@STRING{IEEE_J_MAGL       = "{IEEE} Magnetics Letters"} % in 2014 MEMS became MEMSI
@STRING{IEEE_J_MEMSI      = "{IEEE} Journal of Microelectromechanical Systems"}
@STRING{IEEE_J_MBSC       = "{IEEE} Transactions on Molecular, Biological and Multi-Scale Communications"}
@STRING{IEEE_J_MSCS       = "{IEEE} Transactions on Multi-Scale Computing Systems"}
@STRING{IEEE_J_MMCT       = "{IEEE} Journal on Multiscale and Multiphysics Computational Techniques"}
@STRING{IEEE_J_ENANO      = "{IEEE} Nanotechnology Express"}
@STRING{IEEE_J_NSE        = "{IEEE} Transactions on Network Science and Engineering"} % in 2012 NN became NNLS
@STRING{IEEE_J_NNLS       = "{IEEE} Transactions on Neural Networks and Learning Systems"}
@STRING{IEEE_J_OCN        = "{IEEE} Journal of Optical Communications and Networking"}
@STRING{IEEE_J_PJ         = "{IEEE} Photonics Journal"}
@STRING{IEEE_J_PHOT       = "{IEEE} Journal of Photovoltaics"}
@STRING{IEEE_J_PETS       = "{IEEE} Power and Energy Technology Systems Journal"}
@STRING{IEEE_J_RFIC       = "{IEEE} {RFIC} Journal"}
@STRING{IEEE_J_RFID       = "{IEEE} {RFID} Journal"}
@STRING{IEEE_J_RITA       = "{IEEE} Revista Iberoamericana de Technolog{\'{i}}as del Aprendizaje"}
@STRING{IEEE_J_RAL        = "{IEEE} Robotics and Automation Letters"}
@STRING{IEEE_J_SIPN       = "{IEEE} Transactions on Signal and Information Processing over Networks"}
@STRING{IEEE_J_SG         = "{IEEE} Transactions on Smart Grid"}
@STRING{IEEE_J_SUSC       = "{IEEE} Sustainable Computing"}
@STRING{IEEE_J_STE        = "{IEEE} Transactions on Sustainable Energy"} % in 2012 SMCA became SMCS
@STRING{IEEE_J_SMCS       = "{IEEE} Transactions on Systems, Man, and Cybernetics: Systems"}
@STRING{IEEE_J_TEHM       = "{IEEE} Journal of Translational Engineering in Health and Medicine"}
@STRING{IEEE_J_TTHZ       = "{IEEE} Transactions on Terahertz Science and Technology"}
@STRING{IEEE_J_TTE        = "{IEEE} Transactions on Transportation Electrification"}
@STRING{IEEE_J_WCOML      = "{IEEE} Wireless Communications Letters"}


% *** MAGAZINES AND ONLINE PUBLICATIONS ***


@STRING{IEEE_O_ACC        = "{IEEE} Access"}
@STRING{IEEE_M_CHINAC     = "China Communications Magazine"}
@STRING{IEEE_M_DT         = "{IEEE} Design \&\ Test"} % in 2012 DTC became DT
@STRING{IEEE_M_ETF        = "{IEEE} Electrification Magazine"}
@STRING{IEEE_M_EMC        = "{IEEE} Electromagnetic Compatibility Magazine"}
@STRING{IEEE_M_GRS        = "{IEEE} Geoscience and Remote Sensing Magazine"}
@STRING{IEEE_M_PEL        = "{IEEE} Power Electronics Magazine"}
@STRING{IEEE_M_PULSE      = "{IEEE} Pulse"}
@STRING{IEEE_M_SSC        = "{IEEE} Solid-State Circuits Magazine"}
@STRING{IEEE_M_SMC        = "{IEEE} Systems, Man, and Cybernetics Magazine"}


% *** REFERENCES ***


% *** REFERENCES: PROCEEDINGS ***


@INPROCEEDINGS{Bergstra:2011,
	title={Algorithms for hyper-parameter optimization},
	author={Bergstra, James S and Bardenet, R{\'e}mi and Bengio, Yoshua and K{\'e}gl, Bal{\'a}zs},
	booktitle={Advances in Neural Information Processing Systems},
	pages={2546--2554},
	year={2011}
}

@INPROCEEDINGS{Snoek:2012,
	title={Practical bayesian optimization of machine learning algorithms},
	author={Snoek, Jasper and Larochelle, Hugo and Adams, Ryan P},
	booktitle={Advances in neural information processing systems},
	pages={2951--2959},
	year={2012}
}

@INPROCEEDINGS{Thornton:2013,
	title={Auto-WEKA: Combined selection and hyperparameter optimization of classification algorithms},
	author={Thornton, Chris and Hutter, Frank and Hoos, Holger H and Leyton-Brown, Kevin},
	booktitle={Proceedings of the 19th ACM SIGKDD international conference on Knowledge discovery and data mining},
	pages={847--855},
	year={2013},
	organization={ACM}
}

@INPROCEEDINGS{Feurer:2015,
	title={Efficient and robust automated machine learning},
	author={Feurer, Matthias and Klein, Aaron and Eggensperger, Katharina and Springenberg, Jost and Blum, Manuel and Hutter, Frank},
	booktitle={Advances in Neural Information Processing Systems},
	pages={2962--2970},
	year={2015}
}

@INPROCEEDINGS{Schilling:2015, 
	author={N. Schilling and M. Wistuba and L. Drumond and L. Schmidt-Thieme}, 
	booktitle={2015 IEEE 27th International Conference on Tools with Artificial Intelligence (ICTAI)}, 
	title={Joint Model Choice and Hyperparameter Optimization with Factorized Multilayer Perceptrons}, 
	year={2015}, 
	volume={}, 
	number={}, 
	pages={72-79}, 
	keywords={learning (artificial intelligence);multilayer perceptrons;optimisation;parameter estimation;pattern classification;SMBO framework;factorization machine;factorized multilayer perceptron;hyperparameter configuration;hyperparameter optimization;joint lower dimensional latent feature space;joint model choice optimization;machine learning;sequential model-based optimization;surrogate model;Computational modeling;Data models;Kernel;Multilayer perceptrons;Optimization methods;Predictive models;Hyperparameter Optimization;Model Choice;Sequential Model-Based Optimization}, 
	doi={10.1109/ICTAI.2015.24}, 
	ISSN={1082-3409}, 
	month={Nov}
}

@INPROCEEDINGS{Wistuba:2015, 
	author={M. Wistuba and N. Schilling and L. Schmidt-Thieme}, 
	booktitle={2015 IEEE International Conference on Data Science and Advanced Analytics (DSAA)}, 
	title={Learning hyperparameter optimization initializations}, 
	year={2015}, 
	volume={}, 
	number={}, 
	pages={1-10}, 
	keywords={data mining;learning (artificial intelligence);meta data;optimisation;automatic optimization technique;data mining domain;differentiable plug-in estimator;gradient-based optimization technique;grid search;hyperparameter configuration;hyperparameter optimization;hyperparameter response function;knowledge transfer;meta-data set;Data models;Gaussian processes;Information systems;Kernel;Machine learning algorithms;Optimization;Predictive models}, 
	doi={10.1109/DSAA.2015.7344817}, 
	ISSN={}, 
	month={Oct}
}

@INPROCEEDINGS{Olson:2016,
	author = {Olson, Randal S. and Bartley, Nathan and Urbanowicz, Ryan J. and Moore, Jason H.},
	title = {Evaluation of a Tree-based Pipeline Optimization Tool for Automating Data Science},
	booktitle = {Proceedings of the Genetic and Evolutionary Computation Conference 2016},
	series = {GECCO '16},
	year = {2016},
	isbn = {978-1-4503-4206-3},
	location = {Denver, Colorado, USA},
	pages = {485--492},
	numpages = {8},
	url = {http://doi.acm.org/10.1145/2908812.2908918},
	doi = {10.1145/2908812.2908918},
	acmid = {2908918},
	publisher = {ACM},
	address = {New York, NY, USA}
}

@INPROCEEDINGS{Wistuba:2016, 
	author={M. Wistuba and N. Schilling and L. Schmidt-Thieme}, 
	booktitle={2016 IEEE International Conference on Data Science and Advanced Analytics (DSAA)}, 
	title={Hyperparameter Optimization Machines}, 
	year={2016}, 
	volume={}, 
	number={}, 
	pages={41-50}, 
	keywords={learning (artificial intelligence);optimisation;AHT;SMBO framework;adaptive hyperparameter transfer learning;black-box optimization;hyperparameter optimization strategies;hyperparameter tuning;meta-learning approaches;sequential model-based optimization;Adaptation models;Data models;Machine learning algorithms;Optimization;Prediction algorithms;Transfer functions;Tuning;hyperparameter optimization;meta-learning;transfer learning}, 
	doi={10.1109/DSAA.2016.12}, 
	ISSN={}, 
	month={Oct}
}

@INPROCEEDINGS{Levesque:2017, 
	author={J. C. L\`evesque and A. Durand and C. Gagn\`e and R. Sabourin}, 
	booktitle={2017 International Joint Conference on Neural Networks (IJCNN)}, 
	title={Bayesian optimization for conditional hyperparameter spaces}, 
	year={2017}, 
	volume={}, 
	number={}, 
	pages={286-293}, 
	keywords={Gaussian processes;belief networks;learning (artificial intelligence);optimisation;Bayesian optimization;Gaussian process;Laplace kernel;Mondrian process;conditional hyperparameter spaces;hyperparameter optimization;learning algorithms;random forests;scikit-learn models;Bayes methods;Benchmark testing;Gaussian processes;Kernel;Libraries;Optimization;Training}, 
	doi={10.1109/IJCNN.2017.7965867}, 
	ISSN={}, 
	month={May}
}

@INPROCEEDINGS{Quitadamo:2017,
	author = {Quitadamo, Andrew and Johnson, James and Shi, Xinghua},
	title = {Bayesian Hyperparameter Optimization for Machine Learning Based eQTL Analysis},
	booktitle = {Proceedings of the 8th ACM International Conference on Bioinformatics, Computational Biology,and Health Informatics},
	series = {ACM-BCB '17},
	year = {2017},
	isbn = {978-1-4503-4722-8},
	location = {Boston, Massachusetts, USA},
	pages = {98--106},
	numpages = {9},
	url = {http://doi.acm.org/10.1145/3107411.3107434},
	doi = {10.1145/3107411.3107434},
	acmid = {3107434},
	publisher = {ACM},
	address = {New York, NY, USA},
	keywords = {bayesian optimization, eqtl analysis, graph-guided multitask lasso, hyperparameter optimization}
}


% *** REFERENCES: ARTICLES ***


@ARTICLE{Whitley:1996,
	title={Evaluating evolutionary algorithms},
	author={Whitley, Darrell and Rana, Soraya and Dzubera, John and Mathias, Keith E},
	journal={Artificial intelligence},
	volume={85},
	number={1},
	pages={245--276},
	year={1996},
	publisher={Elsevier}
}

@ARTICLE{Jones:1998,
	title={Efficient global optimization of expensive black-box functions},
	author={Jones, Donald R and Schonlau, Matthias and Welch, William J},
	journal={Journal of Global optimization},
	volume={13},
	number={4},
	pages={455--492},
	year={1998},
	publisher={Springer}
}

@ARTICLE{Samuel:2000,
	title={Some studies in machine learning using the game of checkers},
	author={Samuel, Arthur L},
	journal={IBM Journal of research and development},
	volume={44},
	number={1.2},
	pages={206--226},
	year={2000},
	publisher={IBM}
}

@ARTICLE{Klein:2004,
	title={The Social Science Citation Index: A Black Box with an Ideological Bias?},
	author={Klein, Daniel B and Chiang, Eric and others},
	journal={Econ Journal Watch},
	volume={1},
	number={1},
	pages={134--165},
	year={2004},
	publisher={Econ Journal Watch}
}

@ARTICLE{Garfield:2006a,
	title={Citation indexes for science. A new dimension in documentation through association of ideas},
	author={Garfield, Eugene},
	journal={International journal of epidemiology},
	volume={35},
	number={5},
	pages={1123--1127},
	year={2006},
	publisher={Oxford University Press}
}

@ARTICLE{Garfield:2006b,
	title={The history and meaning of the journal impact factor},
	author={Garfield, Eugene},
	journal={Jama},
	volume={295},
	number={1},
	pages={90--93},
	year={2006},
	publisher={American Medical Association}
}

@ARTICLE{Hall:2009,
	title={The WEKA data mining software: an update},
	author={Hall, Mark and Frank, Eibe and Holmes, Geoffrey and Pfahringer, Bernhard and Reutemann, Peter and Witten, Ian H},
	journal={ACM SIGKDD explorations newsletter},
	volume={11},
	number={1},
	pages={10--18},
	year={2009},
	publisher={ACM}
}

@ARTICLE{Chang:2011,
	title={LIBSVM: a library for support vector machines},
	author={Chang, Chih-Chung and Lin, Chih-Jen},
	journal={ACM transactions on intelligent systems and technology (TIST)},
	volume={2},
	number={3},
	pages={27},
	year={2011},
	publisher={Acm}
}

@ARTICLE{Hutter:2011,
	title={Sequential Model-Based Optimization for General Algorithm Configuration.},
	author={Hutter, Frank and Hoos, Holger H and Leyton-Brown, Kevin},
	journal={LION},
	volume={5},
	pages={507--523},
	year={2011},
	publisher={Springer}
}

@ARTICLE{Benbouzid:2012,
	title={MultiBoost: a multi-purpose boosting package},
	author={Benbouzid, Djalel and Busa-Fekete, R{\'o}bert and Casagrande, Norman and Collin, Fran{\c{c}}ois-David and K{\'e}gl, Bal{\'a}zs},
	journal={Journal of Machine Learning Research},
	volume={13},
	number={Mar},
	pages={549--553},
	year={2012}
}

@ARTICLE{Bergstra:2012,
	title={Random search for hyper-parameter optimization},
	author={Bergstra, James and Bengio, Yoshua},
	journal={Journal of Machine Learning Research},
	volume={13},
	number={Feb},
	pages={281--305},
	year={2012}
}

@ARTICLE{Deng:2013,
	title={Machine learning paradigms for speech recognition: An overview},
	author={Deng, Li and Li, Xiao},
	journal={IEEE Transactions on Audio, Speech, and Language Processing},
	volume={21},
	number={5},
	pages={1060--1089},
	year={2013},
	publisher={IEEE}
}

@ARTICLE{Lappalainen:2013,
	title={Transcriptome and genome sequencing uncovers functional variation in humans},
	author={Lappalainen, Tuuli and Sammeth, Michael and Friedl{\"a}nder, Marc R and AC‘t Hoen, Peter and Monlong, Jean and Rivas, Manuel A and Gonzalez-Porta, Mar and Kurbatova, Natalja and Griebel, Thasso and Ferreira, Pedro G and others},
	journal={Nature},
	volume={501},
	number={7468},
	pages={506--511},
	year={2013},
	publisher={Nature Research}
}

@ARTICLE{Deng:2014,
	title={Deep learning: methods and applications},
	author={Deng, Li and Yu, Dong and others},
	journal={Foundations and Trends{\textregistered} in Signal Processing},
	volume={7},
	number={3--4},
	pages={197--387},
	year={2014},
	publisher={Now Publishers, Inc.}
}

@ARTICLE{Vanschoren:2014,
	title={OpenML: networked science in machine learning},
	author={Vanschoren, Joaquin and Van Rijn, Jan N and Bischl, Bernd and Torgo, Luis},
	journal={ACM SIGKDD Explorations Newsletter},
	volume={15},
	number={2},
	pages={49--60},
	year={2014},
	publisher={ACM}
}

@ARTICLE{LeCun:2015,
	title={Deep learning},
	author={LeCun, Yann and Bengio, Yoshua and Hinton, Geoffrey},
	journal={Nature},
	volume={521},
	number={7553},
	pages={436--444},
	year={2015},
	publisher={Nature Research}
}

@ARTICLE{Sudmant:2015,
	title={An integrated map of structural variation in 2,504 human genomes},
	author={Sudmant, Peter H and Rausch, Tobias and Gardner, Eugene J and Handsaker, Robert E and Abyzov, Alexej and Huddleston, John and Zhang, Yan and Ye, Kai and Jun, Goo and Fritz, Markus Hsi-Yang and others},
	journal={Nature},
	volume={526},
	number={7571},
	pages={75--81},
	year={2015},
	publisher={Nature Research}
}

@ARTICLE{Buczak:2016,
	title={A survey of data mining and machine learning methods for cyber security intrusion detection},
	author={Buczak, Anna L and Guven, Erhan},
	journal={IEEE Communications Surveys \& Tutorials},
	volume={18},
	number={2},
	pages={1153--1176},
	year={2016},
	publisher={IEEE}
}

@ARTICLE{deBruijne:2016,
	title={Machine learning approaches in medical image analysis: From detection to diagnosis},
	author={de Bruijne, Marleen}
	journal={Medical Image Analysis},
	volume={33},
	number={Supplement C},
	pages={94--97},
	year={2016},
	issn={1361-8415},
	doi= {https://doi.org/10.1016/j.media.2016.06.032},
	url= "http://www.sciencedirect.com/science/article/pii/S1361841516301098}
}

@ARTICLE{Guo:2016,
	title={Deep learning for visual understanding: A review},
	author={Guo, Yanming and Liu, Yu and Oerlemans, Ard and Lao, Songyang and Wu, Song and Lew, Michael S},
	journal={Neurocomputing},
	volume={187},
	pages={27--48},
	year={2016},
	publisher={Elsevier}
}

@ARTICLE{Schmidhuber:2015,
	title={Deep learning in neural networks: An overview},
	author={Schmidhuber, J{\"u}rgen},
	journal={Neural networks},
	volume={61},
	pages={85--117},
	year={2015},
	publisher={Elsevier}
}

@ARTICLE{Heaton:2017,
	title={Deep learning for finance: deep portfolios},
	author={Heaton, JB and Polson, NG and Witte, Jan Hendrik},
	journal={Applied Stochastic Models in Business and Industry},
	volume={33},
	number={1},
	pages={3--12},
	year={2017},
	publisher={Wiley Online Library}
}


@ARTICLE{Muandet:2017,
	title={Kernel mean embedding of distributions: A review and beyond},
	author={Muandet, Krikamol and Fukumizu, Kenji and Sriperumbudur, Bharath and Sch{\"o}lkopf, Bernhard and others},
	journal={Foundations and Trends{\textregistered} in Machine Learning},
	volume={10},
	number={1-2},
	pages={1--141},
	year={2017},
	publisher={Now Publishers, Inc.}
}



% *** REFERENCES: ELECTRONIC ***


@ELECTRONIC{ACM:2017,
	author = {\relax{Association for Computing Machinery}},
	title = {ACM Digital Library},
	year = {2017},
	url = {https://dl.acm.org/},
	note = {Accessed: 2017-10-05}
}

@ELECTRONIC{Clarivate:2017a,
	author = {\relax{Clarivate Analytics}},
	title = {InCites Journal Citation Reports},
	year = {2017},
	url = {https://jcr.incites.thomsonreuters.com/},
	note = {Accessed: 2017-10-05}
}

@ELECTRONIC{Clarivate:2017b,
	author = {\relax{Clarivate Analytics}},
	title = {Web of Science},
	year = {2017},
	url = {https://webofknowledge.com/},
	note = {Accessed: 2017-10-05}
}

@ELECTRONIC{IEEE:2017,
	author = {\relax{Institute of Electrical and Electronics Engineers}},
	title = {IEEE Xplore Digital Library},
	year = {2017},
	url = {http://ieeexplore.ieee.org/Xplore/home.jsp},
	note = {Accessed: 2017-10-05}
}

@ELECTRONIC{Lichman:2013 ,
	author = "M. Lichman",
	year = "2013",
	title = "UCI Machine Learning Repository",
	url = "http://archive.ics.uci.edu/ml",
	institution = "University of California, Irvine, School of Information and Computer Sciences"
} 

